<?xml version="1.0" encoding="UTF-8"?><collection xmlns="http://www.loc.gov/MARC21/slim"><record><leader>00382nam--2200133-i-4500</leader><controlfield tag="001">000037978</controlfield><controlfield tag="002">20161230</controlfield><controlfield tag="005">20161230201041</controlfield><controlfield tag="008">060222s1000------------r-----000-0-eng-d</controlfield><datafield ind1=" " ind2=" " tag="100"><subfield code="a">Raievski V</subfield></datafield><datafield ind1=" " ind2=" " tag="245"><subfield code="a">The eco reactor</subfield></datafield><datafield ind1=" " ind2=" " tag="260"><subfield code="a">Ispra, Centro Di Studi Nucleari, 1961. 11p. + 4 Fig</subfield></datafield><datafield ind1=" " ind2=" " tag="490"><subfield code="a">Symposium On Programming And Utilisation Of Research Reactor,Vienna</subfield></datafield><datafield ind1=" " ind2=" " tag="852"><subfield code="a">16890</subfield></datafield></record></collection>